@article{nome_facil,
	title = {Um TÃ­tulo qualquer},
	volume = {7},
	issn = {111111111},
	url = {https://www.youtube.com/watch?v=dQw4w9WgXcQ},
	doi = {100000},
	pages = {1337},
	number = {42},
	journaltitle = {Pediapedia},
	author = {Fulano, Numseio and Ciclano, Importante},
	urldate = {2023-11-25},
	date = {2007-12-06},
	langid = {portuguese},
}